<?xml version="1.0" encoding="UTF-8"?><collection xmlns="http://www.loc.gov/MARC21/slim"><record><leader>00454nam--2200133-i-4500</leader><controlfield tag="001">000015508</controlfield><controlfield tag="002">20161230</controlfield><controlfield tag="005">20161230201031</controlfield><controlfield tag="008">060222s1000------------r-----000-0-eng-d</controlfield><datafield ind1=" " ind2=" " tag="080"><subfield code="a">621.039.9(061.3)</subfield></datafield><datafield ind1=" " ind2=" " tag="245"><subfield code="a">Nuclear technologies in a sustainable energy system. selected papers from an i iasa workshop organized by w.hafele an a.a.jarms with 127 figures</subfield></datafield><datafield ind1=" " ind2=" " tag="260"><subfield code="a">Berlin, Springer-verlag, 1983 X + 328 P</subfield></datafield><datafield ind1=" " ind2=" " tag="700"><subfield code="a">Bauer, G.S./S.A.</subfield></datafield><datafield ind1=" " ind2=" " tag="852"><subfield code="a">72672</subfield></datafield></record></collection>